@book{Copin18,
  author = {Hugo Duminil-Copin},
  year = {2018},
  title = {Introduction to Bernoulli percolation},
  url = {https://www.ihes.fr/~duminil/publi/2017percolation.pdf}
}