@inproceedings{origin,
  author    = {NCU},
  title     = {NCU Beamer Theme},
  year      = {2022},
  url       = {https://www.ncu.edu.cn/},
}

@article{BernPerco,
  author = {Hugo Duminil-Copin},
  year = {2018},
  title = {Introduction to Bernoulli percolation},
  url  = {https://www.ihes.fr/~duminil/publi/2017percolation.pdf}
}
